@article{vdTol2007selfcallofar,
  title={Self-Calibration for the LOFAR Radio Astronomical Array},
  author={van der Tol, S. and Jeffs, B. D. and van der Veen, A},
  journal={IEEE Transactions on signal processing},
  volume={55},
  number={9},
  pages={4497--4510},
  year={2007},
  publisher={IEEE}
}

@article{ellingsonLWA1,
  title={The LWA1 Radio Telescope},
  author={Ellingson, S.W. and Taylor, G.B. and Craig, J. et. al},
  journal={IEEE Transactions on Antennas and Propagation},
  volume={61},
  number={5},
  pages={2540-2549},
  year={2013},
  publisher={IEEE}
}

@article{ellingson2009long,
  title={The long wavelength array},
  author={Ellingson, S.W. and Clarke, T.E. and Cohen, A. and Craig, J. and Kassim, N.E. and Pihlstrom, Y. and Rickard, L.J. and Taylor, G.B.},
  journal={Proceedings of the IEEE},
  volume={97},
  number={8},
  pages={1421--1430},
  year={2009},
  publisher={IEEE}
}

@article{lonsdale2009murchison,
  title={The Murchison widefield array: Design overview},
  author={Lonsdale, C.J. and Cappallo, R.J. and Morales, M.F. and Briggs, F.H. and Benkevitch, L. and Bowman, J.D. and Bunton, J.D. and Burns, S. and Corey, B.E. and DeSouza, L. and others},
  journal={Proceedings of the IEEE},
  volume={97},
  number={8},
  pages={1497--1506},
  year={2009},
  publisher={IEEE}
}

@article{tingay2013murchison,
  title={The Murchison Widefield Array: The Square Kilometre Array Precursor at Low Radio Frequencies},
  author={Tingay, SJ and Goeke, R and Bowman, JD and Emrich, D and Ord, SM and Mitchell, DA and Morales, MF and Booler, T and Crosse, B and Wayth, RB and others},
  journal={Publications of the Astronomical Society of Australia},
  volume={30},
  pages={7},
  year={2013}
}

@article{lorimer2007bright,
  title={A bright millisecond radio burst of extragalactic origin},
  author={Lorimer, D.R. and Bailes, M. and McLaughlin, M.A. and Narkevic, D.J. and Crawford, F.},
  journal={Science},
  volume={318},
  number={5851},
  pages={777},
  year={2007},
  publisher={American Association for the Advancement of Science}
}

@article{mitchell2008real,
  title={Real-time calibration of the Murchison Widefield Array},
  author={Mitchell, D.A. and Greenhill, L.J. and Wayth, R.B. and Sault, R.J. and Lonsdale, C.J. and Cappallo, R.J. and Morales, M.F. and Ord, S.M.},
  journal={IEEE Journal of Selected Topics in Signal Processing},
  volume={2},
  number={5},
  pages={707--717},
  year={2008},
  publisher={IEEE}
}

@article{viberg1991detection,
  title={Detection and estimation in sensor arrays using weighted subspace fitting},
  author={Viberg, M. and Ottersten, B. and Kailath, T.},
  journal={IEEE Transactions on Signal Processing},
  volume={39},
  number={11},
  pages={2436--2449},
  year={1991},
  publisher={IEEE}
}

@article{wijnholds2009multisource,
  title={Multisource self-calibration for sensor arrays},
  author={Wijnholds, S. J. and van der Veen, A-J},
  journal={IEEE Transactions on Signal Processing},
  volume={57},
  number={9},
  pages={3512--3522},
  year={2009},
  publisher={IEEE}
}

@article{wijnholds2008fundamental,
  title={Fundamental imaging limits of radio telescope arrays},
  author={Wijnholds, S. J. and van der Veen, A-J},
  journal={IEEE Journal of Selected Topics in Signal Processing},
  volume={2},
  number={5},
  pages={613--623},
  year={2008},
  publisher={IEEE}
}

@inproceedings{wijnholds2010self,
  title={Self-calibration of radio astronomical arrays with non-diagonal noise covariance matrix},
  booktitle={Proceedings of the 17th European Signal Processing Conference (EuSiPCo)},
  author={Wijnholds, S. J. and van der Veen, A-J},
  year={2009}
}

@article{boonstra2003gain,
  title={Gain calibration methods for radio telescope arrays},
  author={Boonstra, A-J and van der Veen, A-J},
  journal={IEEE Transactions on Signal Processing},
  volume={51},
  number={1},
  pages={25--38},
  year={2003},
  publisher={IEEE}
}

@article{zatman1998narrow,
  title={How narrow is narrowband?},
  author={Zatman, M},
  journal={IEE Proceedings-Radar, Sonar and Navigation},
  volume={145},
  number={2},
  pages={85--91},
  year={1998},
  publisher={IET}
}

@article{ottersten1998covariance,
  title={Covariance matching estimation techniques for array signal processing applications},
  author={Ottersten, B. and Stoica, P. and Roy, R.},
  journal={Digital Signal Processing},
  volume={8},
  number={3},
  pages={185--210},
  year={1998},
  publisher={Elsevier}
}

@article{frail2012revised,
  title={A revised view of the transient radio sky},
  author={Frail, D.A. and Kulkarni, S.R. and Ofek, E.O. and Bower, G.C. and Nakar, E},
  journal={The Astrophysical Journal},
  volume={747},
  number={1},
  pages={70},
  year={2012},
  publisher={IOP Publishing}
}

@article{bower2007submillijansky,
  title={Submillijansky transients in archival radio observations},
  author={Bower, G.C. and Saul, D. and Bloom, J.S and Bolatto, A. and Filippenko, Alexei V and Foley, Ryan J and Perley, Daniel},
  journal={The Astrophysical Journal},
  volume={666},
  number={1},
  pages={346},
  year={2007},
  publisher={IOP Publishing}
}

@article{bower2011search,
  title={A Search for Radio Transients in Very Large Array Archival Images of the 3C 286 Field},
  author={Bower, Geoffrey C and Saul, Destry},
  journal={The Astrophysical Journal Letters},
  volume={728},
  number={1},
  pages={L14},
  year={2011},
  publisher={IOP Publishing}
}

@article{macquart2010commensal,
  title={The commensal real-time ASKAP fast-transients (CRAFT) survey},
  author={Macquart, Jean-Pierre and Bailes, Matthew and Bhat, NDR and Bower, GC and Bunton, JD and Chatterjee, S and Colegate, T and Cordes, JM and D'Addario, L and Deller, A and others},
  journal={Publications of the Astronomical Society of Australia},
  volume={27},
  number={3},
  pages={272--282},
  year={2010},
  publisher={CSIRO}
}

@article{lazio2009dynamic,
  title={The dynamic radio sky: An opportunity for discovery},
  author={Lazio, J and Bloom, JS and Bower, GC and Cordes, J and Croft, S and Hyman, S and Law, C and McLaughlin, M},
  journal={arXiv preprint arXiv:0904.0633},
  year={2009}
}

@article{cohen2007vla,
  title={The VLA low-frequency sky survey},
  author={Cohen, AS and Lane, WM and Cotton, WD and Kassim, NE and Lazio, TJW and Perley, RA and Condon, JJ and Erickson, WC},
  journal={The Astronomical Journal},
  volume={134},
  number={3},
  pages={1245},
  year={2007},
  publisher={IOP Publishing}
}

@article{ellingson2011sensitivity,
  title={Sensitivity of antenna arrays for long-wavelength radio astronomy},
  author={Ellingson, Steven W},
  journal={IEEE Transactions on Antennas and Propagation},
  volume={59},
  number={6},
  pages={1855--1863},
  year={2011},
  publisher={IEEE}
}

@article{agrawal1972mutual,
  title={Mutual coupling in phased arrays of randomly spaced antennas},
  author={Agrawal, V and Lo, Yuen},
  journal={IEEE Transactions on Antennas and Propagation},
  volume={20},
  number={3},
  pages={288--295},
  year={1972},
  publisher={IEEE}
}

@article{swinbank2010pos,
  title={PoS (ISKAF2010) 082 The LOFAR Transients Pipeline},
  author={Swinbank, John},
  journal={PoS},
  year={2010}
}

@article{swinbank2015lofar,
  title={The LOFAR Transients Pipeline},
  author={Swinbank, John D and Staley, Tim D and Molenaar, Gijs J and Rol, Evert
and Rowlinson, Antonia and Scheers, Bart and Spreeuw, Hanno and Bell, Martin E
and Broderick, Jess W and Carbone, Dario and others},
  journal={Astronomy and Computing},
  volume={11},
  pages={25--48},
  year={2015},
  publisher={Elsevier}
}

@article{cordes2004dynamic,
  title={The dynamic radio sky},
  author={Cordes, James M and Lazio, T Joseph W and McLaughlin, MA},
  journal={New Astronomy Reviews},
  volume={48},
  number={11},
  pages={1459--1472},
  year={2004},
  publisher={Elsevier}
}

@inproceedings{backer1999pers,
  booktitle={Perspectives on Radio Astronomy: Science with Large Antenna Arrays, ed.van Haarlem},
  author={Backer, D. C.},
  pages={285},
  year={1999},
}  

@article{wijnholds2011situ,
  title={In situ antenna performance evaluation of the LOFAR phased array radio telescope},
  author={Wijnholds, Stefan J and van Cappellen, Wim A},
  journal={IEEE Transactions on Antennas and Propagation},
  volume={59},
  number={6},
  pages={1981--1989},
  year={2011},
  publisher={IEEE}
}

@article{salvini2014stef,
  title={Stefcal: in prep},
  author={Salvini, S. and Wijnholds, S. J.},
  year={2014},
  journal={Astronomy and Astrophysics, in prep.}
}

@inproceedings{salvini2014stefursi,
  title={StEFCal - An Alternating Direction Implicit Method for Fast Full Polarization Array Calibration},
  author={Salvini, Stef and Wijnholds, S. J.},
  Booktitle={Proc. URSI General Assembly, Beijing},
  year={2014}
}

@inproceedings{salvini2011aavp,
  author={Salvini, Stef},
  year={2011}
}

@article{intema2009ionospheric,
   author = {{Intema}, H.~T. and {van der Tol}, S. and {Cotton}, W.~D. and 
	{Cohen}, A.~S. and {van Bemmel}, I.~M. and {R{\"o}ttgering}, H.~J.~A.
	},
    title = "{Ionospheric calibration of low frequency radio interferometric observations using the peeling scheme. I. Method description and first results}",
  journal = {Astronomy and Astrophysics},
archivePrefix = "arXiv",
   eprint = {0904.3975},
 primaryClass = "astro-ph.IM",
 keywords = {atmospheric effects, methods: numerical, techniques: interferometric},
     year = 2009,
    month = jul,
   volume = 501,
    pages = {1185-1205},
      doi = {10.1051/0004-6361/200811094},
   adsurl = {http://adsabs.harvard.edu/abs/2009A%26A...501.1185I},
  adsnote = {Provided by the SAO/NASA Astrophysics Data System}
}

@article{wild1950observations,
  title={Observations of the spectrum of high-intensity solar radiation at metre wavelengths. I. The apparatus and spectral types of solar burst observed},
  author={Wild, JP and McCready, LL},
  journal={Australian Journal of Scientific Research A Physical Sciences},
  volume={3},
  pages={387},
  year={1950}
}

@inproceedings{cottona2004beyond,
  title={Beyond the Isoplanatic Patch in the VLA Low Frequency Sky Survey},
  author={Cotton, William and Perley, James Condon Rick and Kassim, Namir and Lazio, Joseph and Cohen, Aaron and Lane, Wendy and Erickson, Bill},
  booktitle={Proc. of SPIE},
  volume={5489},
  pages={181},
  year={2004}
}

@article{de2009lofar,
  title={The LOFAR telescope: System architecture and signal processing},
  author={de Vos, Marco and Gunst, Andre W and Nijboer, Ronald},
  journal={Proceedings of the IEEE},
  volume={97},
  number={8},
  pages={1431--1437},
  year={2009},
  publisher={IEEE}
}

@article{rottgering2003lofar,
  title={LOFAR, a new low frequency radio telescope},
  author={R{\"o}ttgering, Huub},
  journal={New Astronomy Reviews},
  volume={47},
  number={4},
  pages={405--409},
  year={2003},
  publisher={Elsevier}
}

@inproceedings{noordam2004peel,
  title={LOFAR calibration challenges},
  author={Noordam, Jan E},
  booktitle={Proceedings of SPIE},
  volume={5489},
  pages={817--825},
  year={2004}
}

@inproceedings{fender2006lofar,
  title={The LOFAR Transients Key Project},
  author={Fender, Robert P and Wijers, RAMJ and Stappers, B and Braun, R and Wise, M and Coenen, T and Falcke, H and Griessmeier, J-M and Van Haarlem, M and Jonker, PG and others},
  booktitle={VI Microquasar Workshop: Microquasars and Beyond},
  volume={1},
  pages={104},
  year={2006}
}

@article{nemiroff2003tile,
  title={Tile or Stare? Cadence and Sky-monitoring Observing Strategies That Maximize the Number of Discovered Transients},
  author={Nemiroff, Robert J},
  journal={The Astronomical Journal},
  volume={125},
  number={5},
  pages={2740},
  year={2003},
  publisher={IOP Publishing}
}

@inproceedings{cordes2007axes,
  title={Axes of discovery: The time variable Universe},
  author={Cordes, James},
  booktitle={From Planets to Dark Energy: the Modern Radio Universe},
  volume={1},
  pages={35},
  year={2007}
}

@article{wijers2014aartfaac,
  title={The AARTFAAC science case},
  author={Wijers, et. al},
  journal={},
  year={2014, in preparation}
}

@article{kassim200774,
  title={The 74 MHz system on the very large array},
  author={Kassim, NE and Lazio, T Joseph W and Erickson, WC and Perley, RA and Cotton, WD and Greisen, EW and Cohen, AS and Hicks, B and Schmitt, HR and Katz, D},
  journal={The Astrophysical Journal Supplement Series},
  volume={172},
  number={2},
  pages={686},
  year={2007},
  publisher={IOP Publishing}
}


@article{scaife2012broad,
  title={A broad-band flux scale for low-frequency radio telescopes},
  author={Scaife, Anna MM and Heald, George H},
  journal={Monthly Notices of the Royal Astronomical Society: Letters},
  volume={423},
  number={1},
  pages={L30--L34},
  year={2012},
  publisher={Wiley Online Library}
}

@article{van2013lofar,
  title={LOFAR: The low-frequency array},
  author={Van Haarlem, MP and Wise, MW and Gunst, AW and Heald, George and
McKean, JP and Hessels, JWT and De Bruyn, AG and Nijboer, Ronald and Swinbank,
John and Fallows, Richard and others},
  journal={Astronomy \& Astrophysics},
  volume={556},
  pages={A2},
  year={2013},
  publisher={EDP Sciences}
}


@article{offringa2013lofar,
  title={The LOFAR radio environment},
  author={Offringa, AR and de Bruyn, AG and Zaroubi, S and van Diepen, G and Martinez-Ruby, O and Labropoulos, P and Brentjens, MA and Ciardi, B and Daiboo, S and Harker, G and others},
  journal={Astronomy and Astrophysics},
  volume={549},
  pages={11},
  year={2013}
}

@article{taylor2012first,
  title={First Light for the First Station of the Long Wavelength Array},
  author={Taylor, GB and Ellingson, SW and Kassim, NE and Craig, J and Dowell, J and Wolfe, CN and Hartman, J and Bernardi, G and Clarke, T and Cohen, A and others},
  journal={Journal of Astronomical Instrumentation},
  volume={1},
  number={01},
  year={2012},
  publisher={World Scientific}
}

@article{baars1977absolute,
  title={The absolute spectrum of CAS A-an accurate flux density scale and a set of secondary calibrators},
  author={Baars, JWM and Genzel, R and Pauliny-Toth, IIK and Witzel, A},
  journal={Astronomy and Astrophysics},
  volume={61},
  pages={99--106},
  year={1977}
}

@article{law2012rrat,
  title={The RRAT Trap: Interferometric Localization of Radio Pulses from J0628+ 0909},
  author={Law, Casey J and Bower, Geoffrey C and Pokorny, Martin and Rupen, Michael P and Sowinski, Ken},
  journal={The Astrophysical Journal},
  volume={760},
  number={2},
  pages={124},
  year={2012},
  publisher={IOP Publishing}
}

@article{law2012all,
  title={All Transients, All the Time: Real-Time Radio Transient Detection with Interferometric Closure Quantities},
  author={Law, Casey J and Bower, Geoffrey C},
  journal={The Astrophysical Journal},
  volume={749},
  number={2},
  pages={143},
  year={2012},
  publisher={IOP Publishing}
}

@article{helmboldt2008radio,
  title={Radio Frequency Spectra of 388 Bright 74 MHz Sources},
  author={Helmboldt, JF and Kassim, NE and Cohen, AS and Lane, WM and Lazio, TJ},
  journal={The Astrophysical Journal Supplement Series},
  volume={174},
  number={2},
  pages={313},
  year={2008},
  publisher={IOP Publishing}
}

@article{thornton2013population,
  title={A Population of Fast Radio Bursts at Cosmological Distances},
  author={Thornton, D and Stappers, B and Bailes, M and Barsdell, B and Bates, S and Bhat, NDR and Burgay, M and Burke-Spolaor, S and Champion, DJ and Coster, P and others},
  journal={Science},
  volume={341},
  number={6141},
  pages={53--56},
  year={2013},
  publisher={American Association for the Advancement of Science}
}

@article{bhat2004multifrequency,
  title={Multifrequency Observations of Radio Pulse Broadening and Constraints on Interstellar Electron Density Microstructure},
  author={Bhat, ND Ramesh and Cordes, James M and Camilo, Fernando and Nice, David J and Lorimer, Duncan R},
  journal={The Astrophysical Journal},
  volume={605},
  number={2},
  pages={759},
  year={2004},
  publisher={IOP Publishing}
}

@misc{eigenweb,
  author = {Ga\"{e}l Guennebaud and Beno\^{i}t Jacob and others},
  title = {Eigen v3},
  howpublished = {http://eigen.tuxfamily.org},
  year = {2010}
}

@inproceedings{taylor1999synthesis,
  title={Synthesis imaging in radio astronomy II},
  author={Taylor, Greg B and Carilli, Chris Luke and Perley, Richard A},
  booktitle={Synthesis Imaging in Radio Astronomy II},
  volume={180},
  year={1999}
}

@article{wijnholds2010calibration,
  title={Calibration challenges for future radio telescopes},
  author={Wijnholds, S.J. and van der Tol, Sebastiaan and Nijboer, Ronald and van der Veen, A-J},
  journal={IEEE Signal Processing Magazine},
  volume={27},
  number={1},
  pages={30--42},
  year={2010},
  publisher={IEEE}
}

@article{cornwell1992radio,
  title={Radio-interferometric imaging of very large fields-The problem of non-coplanar arrays},
  author={Cornwell, TJ and Perley, RA},
  journal={Astronomy and Astrophysics},
  volume={261},
  pages={353--364},
  year={1992}
}

@inproceedings{salvini2011pelican,
 author = {Salvini, Stefano and Lopatka, Piotr and Wallom, David},
 title = {A Hardware and Software Computational Platform for the HiPerDNO (High Performance Distribution Network Operation) Project},
 booktitle = {Proceedings of the First International Workshop on High Performance Computing, Networking and Analytics for the Power Grid},
 series = {HiPCNA-PG '11},
 year = {2011},
 isbn = {978-1-4503-1061-1},
 location = {Seattle, Washington, USA},
 pages = {75--82},
 numpages = {8},
 url = {http://doi.acm.org/10.1145/2096123.2096139},
 doi = {10.1145/2096123.2096139},
 acmid = {2096139},
 publisher = {ACM},
 address = {New York, NY, USA},
 keywords = {high performance computing applications, smart grid, systems design},
}

@article{bannister2012limits,
  title={Limits on prompt, dispersed radio pulses from gamma-ray bursts},
  author={Bannister, Keith W and Murphy, Tara and Gaensler, Bryan M and Reynolds, John E},
  journal={The Astrophysical Journal},
  volume={757},
  number={1},
  pages={38},
  year={2012},
  publisher={IOP Publishing}
}

@article{katz2003survey,
  title={A survey for transient astronomical radio emission at 611 MHz},
  author={Katz, CA and Hewitt, JN and Corey, BE and Moore, CB},
  journal={Publications of the Astronomical Society of the Pacific},
  volume={115},
  number={808},
  pages={675--687},
  year={2003},
  publisher={JSTOR}
}

@article{chandra2012radio,
  title={A Radio-selected Sample of Gamma-Ray Burst Afterglows},
  author={Chandra, Poonam and Frail, Dale A},
  journal={The Astrophysical Journal},
  volume={746},
  number={2},
  pages={156},
  year={2012},
  publisher={IOP Publishing}
}

@article{hassall2013detecting,
  title={Detecting highly dispersed bursts with next-generation radio telescopes},
  author={Hassall, TE and Keane, EF and Fender, RP},
  journal={Monthly Notices of the Royal Astronomical Society},
  volume={436},
  number={1},
  pages={371--379},
  year={2013},
  publisher={Oxford University Press}
}

@inproceedings{bregman2000concept,
  title={Concept design for a low-frequency array},
  author={Bregman, Jaap D},
  booktitle={Astronomical Telescopes and Instrumentation},
  pages={19--32},
  year={2000},
  organization={International Society for Optics and Photonics}
}

@article{cordes2002ne2001,
  title={NE2001. I. A new model for the galactic distribution of free electrons and its fluctuations},
  author={Cordes, James M and Lazio, T Joseph W},
  journal={arXiv preprint astro-ph/0207156},
  year={2002}
}

@article{cornwell2008noncoplanar,
  title={The noncoplanar baselines effect in radio interferometry: The W-projection algorithm},
  author={Cornwell, Tim J and Golap, Kumar and Bhatnagar, Sanjay},
  journal={Selected Topics in Signal Processing, IEEE Journal of},
  volume={2},
  number={5},
  pages={647--657},
  year={2008},
  publisher={IEEE}
}

@phdthesis{bregman2012system,
  title={System Design and Wide-field Imaging Aspects of Synthesis Arrays with Phased Array Stations},
  author={Bregman, Jacob Dirk},
  year={2012},
  school={Ph. D. Thesis, University of Groningen, Groningen, The Netherlands}
}

@article{bhat2013detection,
  title={Detection of fast transients with radio interferometric arrays},
  author={Bhat, NDR and Chengalur, JN and Cox, PJ and Gupta, Y and Prasad, J and Roy, J and Bailes, M and Burke-Spolaor, S and Kudale, SS and Van Straten, W},
  journal={The Astrophysical Journal Supplement Series},
  volume={206},
  number={1},
  pages={2},
  year={2013},
  publisher={IOP Publishing}
}

@article{marti2012over,
  title={Over-resolution of compact sources in interferometric observations},
  author={Mart{\'\i}-Vidal, I and P{\'e}rez-Torres, MA and Lobanov, AP},
  journal={Astronomy and Astrophysics},
  volume={541},
  pages={135},
  year={2012}
}

@article{trott2011source,
  title={Source detection in interferometric visibility data. I. Fundamental estimation limits},
  author={Trott, Cathryn M and Wayth, Randall B and Macquart, Jean-Pierre R and Tingay, Steven J},
  journal={The Astrophysical Journal},
  volume={731},
  number={2},
  pages={81},
  year={2011},
  publisher={IOP Publishing}
}

@article{wenger2013group,
  title={A group sparsity imaging algorithm for transient radio sources},
  author={Wenger, Stephan and Rau, Urvashi and Magnor, Marcus},
  journal={Astronomy and Computing},
  volume={1},
  pages={40--45},
  year={2013},
  publisher={Elsevier}
}

@inproceedings{rau2012radio,
  title={Radio interferometric imaging of spatial structure that varies with time and frequency},
  author={Rau, Urvashi},
  booktitle={Society of Photo-Optical Instrumentation Engineers (SPIE) Conference Series},
  volume={8500},
  year={2012}
}

@article{prasad2014real,
  title={Real-time calibration of the AARTFAAC array for transient detection},
  author={Prasad, P and Wijnholds, SJ and Huizinga, F and Wijers, RAMJ},
  journal={Astronomy \& Astrophysics},
  volume={568},
  pages={A48},
  year={2014},
  publisher={EDP Sciences}
}

@inproceedings{prasad2012aartfaac,
  title={AARTFAAC: Towards a 24x7, All-sky Monitor for LOFAR},
  author={Prasad, Peeyush and Wijnholds, Stefan J},
  booktitle={Proc. R. Soc. A},
  volume={1},
  pages={4},
  year={2012}
}

@inproceedings{fender2007lofar,
  title={LOFAR Transients and the Radio Sky Monitor},
  author={Fender, RP},
  booktitle={Bursts, Pulses and Flickering: Wide-Field Monitoring of the Dynamic Radio Sky},
  volume={1},
  pages={30},
  year={2007}
}

@article{frisch1992use,
  title={The use of the wavelet transform in the detection of an unknown transient signal},
  author={Frisch, Mordechai and Messer, Hagit},
  journal={Information Theory, IEEE Transactions on},
  volume={38},
  number={2},
  pages={892--897},
  year={1992},
  publisher={IEEE}
}

@article{mcewen2011compressed,
  title={Compressed sensing for wide-field radio interferometric imaging},
  author={McEwen, JD and Wiaux, Yves},
  journal={Monthly Notices of the Royal Astronomical Society},
  volume={413},
  number={2},
  pages={1318--1332},
  year={2011},
  publisher={Oxford University Press}
}

@article{wiaux2009compressed,
  title={Compressed sensing imaging techniques for radio interferometry},
  author={Wiaux, Yves and Jacques, Laurent and Puy, Gilles and Scaife, AMM and Vandergheynst, Pierre},
  journal={Monthly Notices of the Royal Astronomical Society},
  volume={395},
  number={3},
  pages={1733--1742},
  year={2009},
  publisher={Oxford University Press}
}

@inbook {vantrees2002optimum,
  title = {Adaptive Beamformers},
  author = {Van Trees, Harry L.},
  publisher = {John Wiley and Sons, Inc.},
  doi = {10.1002/0471221104.ch7},
  keywords = {adaptive beamformers, spatial spectral matrices, sample matrix inversion (SMI), recursive least squares (RLS), recursive implementation algorithms, gradient algorithms, LMS algorithms, signal subspace, eigenspace, DMR beamformers, beamspace beamformers, broadband beamformers},
  booktitle = {Optimum Array Processing},
  year = {2002}
}

@article{leshem2000radio,
  title={Radio-astronomical imaging in the presence of strong radio interference},
  author={Leshem, Amir and van der Veen, A-J},
  journal={Information Theory, IEEE Transactions on},
  volume={46},
  number={5},
  pages={1730--1747},
  year={2000},
  publisher={IEEE}
}

@article{mclaughlin2006transient,
  title={Transient radio bursts from rotating neutron stars},
  author={McLaughlin, Maura A and Lyne, AG and Lorimer, DR and Kramer, M and Faulkner, AJ and Manchester, RN and Cordes, JM and Camilo, F and Possenti, A and Stairs, IH and others},
  journal={Nature},
  volume={439},
  number={7078},
  pages={817--820},
  year={2006},
  publisher={Nature Publishing Group}
}

@article{sagiv2002collective,
  title={Collective processes in relativistic plasma and their implications for gamma-ray burst afterglows},
  author={Sagiv, Amir and Waxman, Eli},
  journal={The Astrophysical Journal},
  volume={574},
  number={2},
  pages={861},
  year={2002},
  publisher={IOP Publishing}
}

@article{marti2008spurious,
  title={Spurious source generation in mapping from noisy phase-self-calibrated data},
  author={Mart{\'\i}-Vidal, I and Marcaide, JM},
  journal={Astronomy \& Astrophysics},
  volume={480},
  number={1},
  pages={289--295},
  year={2008},
  publisher={EDP Sciences}
}

@article{spitler2014fast,
  title={Fast Radio Burst Discovered in the Arecibo Pulsar ALFA Survey},
  author={Spitler, LG and Cordes, JM and Hessels, JWT and Lorimer, DR and McLaughlin, MA and Chatterjee, S and Crawford, F and Deneva, JS and Kaspi, VM and Wharton, RS and others},
  journal={arXiv preprint arXiv:1404.2934},
  year={2014}
}

@artice{osten2008ultrahigh,
   author = {{Osten}, R.~A. and {Bastian}, T.~S.},
    title = "{Ultrahigh Time Resolution Observations of Radio Bursts on AD Leonis}",
  journal = {\apj},
archivePrefix = "arXiv",
   eprint = {0710.5881},
 keywords = {Radio Continuum: Stars, Stars: Activity, Stars: Coronae, Stars: Late-Type},
     year = 2008,
    month = feb,
   volume = 674,
    pages = {1078-1085},
      doi = {10.1086/525013},
   adsurl = {http://adsabs.harvard.edu/abs/2008ApJ...674.1078O},
  adsnote = {Provided by the SAO/NASA Astrophysics Data System}
}

@article{miller2004time,
  title={Time-sequenced multi-radio frequency observations of Cygnus X-3 in flare},
  author={Miller-Jones, James CA and Blundell, Katherine M and Rupen, Michael P and Mioduszewski, Amy J and Duffy, Peter and Beasley, Anthony J},
  journal={The Astrophysical Journal},
  volume={600},
  number={1},
  pages={368},
  year={2004},
  publisher={IOP Publishing}
}


@article{alard2000image,
   author = {{Alard}, C.},
    title = "{Image subtraction using a space-varying kernel}",
  journal = {Astronomy and Astrophysics Supplemen},
 keywords = {METHODS: NUMERICAL, METHODS: STATISTICAL, STARS: VARIABLES: GENERAL, COSMOLOGY: GRAVITATIONAL LENSING},
     year = {2000},
    month = {jun},
   volume = {144},
    pages = {363-370},
}


@article{bramich2008new,
  title={A new algorithm for difference image analysis},
  author={Bramich, DM},
  journal={Monthly Notices of the Royal Astronomical Society: Letters},
  volume={386},
  number={1},
  pages={L77--L81},
  year={2008},
  publisher={Oxford University Press}
}

@article{spitler2015fast,
  title={Fast Radio Bursts},
  author={Spitler, Laura},
  journal={Bulletin of the American Physical Society},
  volume={60},
  year={2015},
  publisher={APS}
}

@article{stewart2016lofar,
  title={LOFAR MSSS: detection of a low-frequency radio transient in 400 h of
monitoring of the North Celestial Pole},
  author={Stewart, AJ and Fender, RP and Broderick, JW and Hassall, TE and
Mu{\~n}oz-Darias, T and Rowlinson, A and Swinbank, JD and Staley, TD and
Molenaar, GJ and Scheers, B and others},
  journal={Monthly Notices of the Royal Astronomical Society},
  volume={456},
  number={3},
  pages={2321--2342},
  year={2016},
  publisher={Oxford University Press}
}

@inproceedings{williams2006voevent,
  title={VOEvent: Information infrastructure for real-time astronomy},
  author={Williams, RD and Seaman, R},
  booktitle={Astronomical Data Analysis Software and Systems XV},
  volume={351},
  pages={637},
  year={2006}
}

@article{van2011correlating,
  title={Correlating radio astronomy signals with many-core hardware},
  author={van Nieuwpoort, Rob V and Romein, John W},
  journal={International Journal of Parallel Programming},
  volume={39},
  number={1},
  pages={88--114},
  year={2011},
  publisher={Springer}
}

@inproceedings{romein2016comparison,
  title={Comparison of Accelerator Architectures for Radio Astronomical Signal Processing Algorithms},
  author={Romein, John W},
  year={2016},
  booktitle={Submitted to proceedings of the International Conference for Parallel Processing, 2016}
}  

@article{gunst2014application,
  title={The application of UniBoard as a beam former for APERTIF},
  author={Gunst, Andr{\'e} and Szomoru, Arpad and Schoonderbeek, Gijs and
Kooistra, Eric and Van der Schuur, Daniel and Pepping, Harm-Jan},
  journal={Experimental Astronomy},
  volume={37},
  number={1},
  pages={55--67},
  year={2014},
  publisher={Springer}
}

@article{colegate2011searching,
  title={Searching for fast radio transients with SKA phase 1},
  author={Colegate, TM and Clarke, Nathan},
  journal={Publications of the Astronomical Society of Australia},
  volume={28},
  number={04},
  pages={299--316},
  year={2011},
  publisher={Cambridge Univ Press}
}
